@book{ccs,
  author    = {董宁 and 陈振},
  title     = {计算机控制系统（第3版）},
  publisher = {电子工业出版社},
  year      = {2017}
} 
